@misc{titanic,
  author = {Megan Risdal and Kaggle},
  title = {Titanic Data Science Solutions},
  year = {2017},
  url = {https://www.kaggle.com/code/startupsci/titanic-data-science-solutions},
  organization = {kaggle.com}
}